% Encoding: UTF-8

@Proceedings{CyberFizzBuzzArticle,
  title     = {Cyber FizzBuzz : r{\'e}flexion sur la s{\'e}lection de candidats dans le domaine de la SSI},
  year      = {2014},
  abstract  = {R{\'e}sum{\'e} Pour le recrutement, il est utile de disposer de questions standards permettant d’appr{\'e}cier rapidement l’aptitude des candidats {\`a} appr{\'e}hender divers sujets et approches. Nous pr{\'e}sentons dans cet article le processus de s{\'e}lection des candidats {\`a} une formation technique en SSI – des questions parfois {\'e}loign{\'e}es du cœur du sujet, mais dont nous justifions la pertinence.},
  author    = {Jaeger, {\'E}ric and Levillain, Olivier and Lixi, Christian},
  booktitle = {Organisation de la CyberS{\'e}curit{\'e}, Journ{\'e}e Sp{\'e}cifique ANSSI / SDE / CFSSI. Journ{\'e}e Specif CAMPUS du 7 novembre 2014, CNAM, Paris},
}

@OTHER{CyberFizzBuzzOther1,
  title = {Fizz buzz (Wikipedia EN)},
  url = {https://en.wikipedia.org/wiki/Fizz_buzz},
}

@OTHER{CyberFizzBuzzOtherCodingDojo,
  title = {Coding Dojo : Fizz Buzz (Kata)},
  url = {https://codingdojo.org/kata/FizzBuzz/},
}

@OTHER{CyberFizzBuzzOther2,
  title = {Cyber FizzBuzz: r{\'e}flexion sur la s{\'e}lection de candidats
dans le domaine de la SSI (PDF slides)},
  url = {https://paperstreet.picty.org/yeye/resources/conf-ressi-JaegerLL18/slides.pdf},
}

@OTHER{CyberFizzBuzzOther3,
  title = {Cyber FizzBuzz : r{\'e}flexion sur la s{\'e}lection de candidats dans le
domaine de la SSI (PDF article)},
  url = {https://ressi2018.sciencesconf.org/187155/document},
}

@Comment{jabref-meta: databaseType:bibtex;}
